@article{chouldechova2017fair,
  title={Fair prediction with disparate impact: A study of bias in recidivism prediction instruments},
  author={Chouldechova, Alexandra},
  journal={Big data},
  volume={5},
  number={2},
  pages={153--163},
  year={2017},
  publisher={Mary Ann Liebert, Inc. 140 Huguenot Street, 3rd Floor New Rochelle, NY 10801 USA}
}
@article{schwarz2018have,
  title={What have we learned about gender from candidate choice experiments? A meta-analysis of 67 factorial survey experiments},
  author={Schwarz, Susanne and Coppock, Alexander},
  year={2018}
}
@article{christensen2020matter,
  title={A matter of life or death: A survey experiment on the perceived legitimacy of political decision-making on euthanasia},
  author={Christensen, Henrik Serup and Himmelroos, Staffan and Set{\"a}l{\"a}, Maija},
  journal={Parliamentary Affairs},
  volume={73},
  number={3},
  pages={627--650},
  year={2020},
  publisher={Oxford University Press}
}

@article{de2014does,
  title={When does transparency generate legitimacy? Experimenting on a context-bound relationship},
  author={De Fine Licht, Jenny and Naurin, Daniel and Esaiasson, Peter and Gilljam, Mikael},
  journal={Governance},
  volume={27},
  number={1},
  pages={111--134},
  year={2014},
  publisher={Wiley Online Library}
}
@article{clayton2019all,
  title={All male panels? Representation and democratic legitimacy},
  author={Clayton, Amanda and O'Brien, Diana Z and Piscopo, Jennifer M},
  journal={American Journal of Political Science},
  volume={63},
  number={1},
  pages={113--129},
  year={2019},
  publisher={Wiley Online Library}
}

@article{arnesen2018legitimacy,
  title={The legitimacy of representation: How descriptive, formal, and responsiveness representation affect the acceptability of political decisions},
  author={Arnesen, Sveinung and Peters, Yvette},
  journal={Comparative Political Studies},
  volume={51},
  number={7},
  pages={868--899},
  year={2018},
  publisher={SAGE Publications Sage CA: Los Angeles, CA}
}
@inproceedings{binns2018s,
  title={'It's Reducing a Human Being to a Percentage' Perceptions of Justice in Algorithmic Decisions},
  author={Binns, Reuben and Van Kleek, Max and Veale, Michael and Lyngs, Ulrik and Zhao, Jun and Shadbolt, Nigel},
  booktitle={Proceedings of the 2018 Chi conference on human factors in computing systems},
  pages={1--14},
  year={2018}
}

@article{de2020artificial,
  title={Artificial intelligence, transparency, and public decision-making},
  author={de Fine Licht, Karl and de Fine Licht, Jenny},
  journal={AI \& society},
  volume={35},
  number={4},
  pages={917--926},
  year={2020},
  publisher={Springer}
}
@inproceedings{verma2018fairness,
  title={Fairness definitions explained},
  author={Verma, Sahil and Rubin, Julia},
  booktitle={2018 ieee/acm international workshop on software fairness (fairware)},
  pages={1--7},
  year={2018},
  organization={IEEE}
}
@article{tyler2003procedural,
  title={Procedural justice, legitimacy, and the effective rule of law},
  author={Tyler, Tom R},
  journal={Crime and justice},
  volume={30},
  pages={283--357},
  year={2003},
  publisher={University of Chicago Press}
}
@article{easton1965systems,
  title={A systems analysis of political life},
  author={Easton, David},
  year={1965}
}

@book{tyler2021people,
  title={Why people obey the law},
  author={Tyler, Tom R},
  year={2021},
  publisher={Princeton university press}
}
@book{weber2009theory,
  title={The theory of social and economic organization},
  author={Weber, Max},
  year={2009},
  publisher={Simon and Schuster}
}

@article{hansen2018digitalization,
  title={Digitalization, street-level bureaucracy and welfare users' experiences},
  author={Hansen, Hans-Tore and Lundberg, Kjetil and Syltevik, Liv Johanne},
  journal={Social Policy \& Administration},
  volume={52},
  number={1},
  pages={67--90},
  year={2018},
  publisher={Wiley Online Library}
}

@article{angwin2016machine,
author={Angwin, Julia and Larson, Jeff and Mattu, Surya and Kirchner, Lauren},
title={Machine bias: There’s software used across the country to predict future criminals. And it’s biased against blacks.},
year={2016},
journal={ProPublica},
url={https://www.propublica.org/article/machine-bias-riskassessments-in-criminal-sentencing}
}

@article{lim2006representative,
  title={Representative bureaucracy: Rethinking substantive effects and active representation},
  author={Lim, Hong-Hai},
  journal={Public administration review},
  volume={66},
  number={2},
  pages={193--204},
  year={2006},
  publisher={Wiley Online Library}
}
@article{arnesen2019citizens,
  title={Do citizens make inferences from political candidate characteristics when aiming for substantive representation?},
  author={Arnesen, Sveinung and Duell, Dominik and Johannesson, Mikael Poul},
  journal={Electoral Studies},
  volume={57},
  pages={46--60},
  year={2019},
  publisher={Elsevier}
}
@book{pitkin1967concept,
  title={The concept of representation},
  author={Pitkin, Hanna Fenichel},
  year={1967},
  publisher={University of California Press}
}
@article{christensen2001profesjoner,
  title={Profesjoner i regjeringsapparatet 1976-1996},
  author={Christensen, Tom and L{\ae}greid, Per and Zuna, Hans Robert},
  journal={Makt- og demokratiutredningens rapportserie},
  year={2001},
  note={ISSN 1501-3065}
}

@article{laegreid1978byraakrati,
  title={Byr{\aa}krati og beslutninger (Bureaucracy and Decisions)},
  author={L{\ae}greid, Per and Olsen, Johan P},
  journal={Bergen: Universitetsforlaget},
  year={1978}
}
@book{rosanvallon2011democratic,
  title={Democratic legitimacy},
  author={Rosanvallon, Pierre},
  year={2011},
  publisher={Princeton University Press}
}
@book{krislov2012representative,
  title={Representative bureaucracy},
  author={Krislov, Samuel},
  year={2012},
  publisher={Quid Pro Books}
}
@Book{xie2015,
  title = {Dynamic Documents with {R} and knitr},
  author = {Yihui Xie},
  publisher = {Chapman and Hall/CRC},
  address = {Boca Raton, Florida},
  year = {2015},
  edition = {2nd},
  note = {ISBN 978-1498716963},
  url = {http://yihui.org/knitr/},
}

@inproceedings{chouldechova2018case,
  title={A case study of algorithm-assisted decision making in child maltreatment hotline screening decisions},
  author={Chouldechova, Alexandra and Benavides-Prado, Diana and Fialko, Oleksandr and Vaithianathan, Rhema},
  booktitle={Conference on Fairness, Accountability and Transparency},
  pages={134--148},
  year={2018}
}
@article{esaiasson2017responsiveness,
  title={Responsiveness beyond policy satisfaction: Does it matter to citizens?},
  author={Esaiasson, Peter and Gilljam, Mikael and Persson, Mikael},
  journal={Comparative Political Studies},
  volume={50},
  number={6},
  pages={739--765},
  year={2017},
  publisher={SAGE Publications Sage CA: Los Angeles, CA}
}

@InProceedings{pmlr-v81-barabas18a,
  title = 	 {Interventions over Predictions: Reframing the Ethical Debate for Actuarial Risk Assessment},
  author = 	 {Chelsea Barabas and Madars Virza and Karthik Dinakar and Joichi Ito and Jonathan Zittrain},
  booktitle = 	 {Proceedings of the 1st Conference on Fairness, Accountability and Transparency},
  pages = 	 {62--76},
  year = 	 {2018},
  editor = 	 {Sorelle A. Friedler and Christo Wilson},
  volume = 	 {81},
  series = 	 {Proceedings of Machine Learning Research},
  address = 	 {New York, NY, USA},
  month = 	 {23--24 Feb},
  publisher = 	 {PMLR},
  pdf = 	 {http://proceedings.mlr.press/v81/barabas18a/barabas18a.pdf},
  url = 	 {http://proceedings.mlr.press/v81/barabas18a.html}
}
@InProceedings{pmlr-v81-buolamwini18a,
  title = 	 {Gender Shades: Intersectional Accuracy Disparities in Commercial Gender Classification},
  author = 	 {Joy Buolamwini and Timnit Gebru},
  booktitle = 	 {Proceedings of the 1st Conference on Fairness, Accountability and Transparency},
  pages = 	 {77--91},
  year = 	 {2018},
  editor = 	 {Sorelle A. Friedler and Christo Wilson},
  volume = 	 {81},
  series = 	 {Proceedings of Machine Learning Research},
  address = 	 {New York, NY, USA},
  month = 	 {23--24 Feb},
  publisher = 	 {PMLR},
  pdf = 	 {http://proceedings.mlr.press/v81/buolamwini18a/buolamwini18a.pdf},
  url = 	 {http://proceedings.mlr.press/v81/buolamwini18a.html}
}
@article{almaas2010fairness,
  title={Fairness and the development of inequality acceptance},
  author={Alm{\aa}s, Ingvild and Cappelen, Alexander W and S{\o}rensen, Erik {\O} and Tungodden, Bertil},
  journal={Science},
  volume={328},
  number={5982},
  pages={1176--1178},
  year={2010},
  publisher={American Association for the Advancement of Science}
}
@article{tversky1971belief,
  title={Belief in the law of small numbers.},
  author={Tversky, Amos and Kahneman, Daniel},
  journal={Psychological bulletin},
  volume={76},
  number={2},
  pages={105},
  year={1971},
  publisher={American Psychological Association}
}
@article {EJPR:EJPR2052,
author = {Esaiasson, Peter and Gilljam, Mikael and Persson, Mikael},
title = {Which decision-making arrangements generate the strongest legitimacy beliefs? Evidence from a randomised field experiment},
journal = {European Journal of Political Research},
volume = {51},
number = {6},
publisher = {Blackwell Publishing Ltd},
issn = {1475-6765},
pages = {785--808},
keywords = {democratic decision making, legitimacy beliefs, participatory constitution making, participatory democracy, procedural fairness, randomised field experiments},
year = {2012},
}

@book{tyler2006people,
  title={Why people obey the law},
  author={Tyler, Tom R},
  year={2006},
  publisher={Princeton University Press}
}


@article{rothstein2009creating,
  title={Creating political legitimacy: Electoral democracy versus quality of government},
  author={Rothstein, Bo},
  journal={American Behavioral Scientist},
  volume={53},
  number={3},
  pages={311--330},
  year={2009},
  publisher={Sage Publications Sage CA: Los Angeles, CA}
}

@article{dickson2015institutional,
  title={Institutional sources of legitimate authority: An experimental investigation},
  author={Dickson, Eric S and Gordon, Sanford C and Huber, Gregory A},
  journal={American Journal of Political Science},
  volume={59},
  number={1},
  pages={109--127},
  year={2015},
  publisher={Wiley Online Library}
}

@article{uphoff1989distinguishing,
  title={Distinguishing power, authority \& legitimacy: Taking Max Weber at his word by using resources-exchange analysis},
  author={Uphoff, Norman},
  journal={Polity},
  volume={22},
  number={2},
  pages={295--322},
  year={1989},
  publisher={Northeastern Political Science Association}
}

@book{anderson2005losers,
  title={Losers' consent: Elections and democratic legitimacy},
  author={Anderson, Christopher J. and André Blais, and Shaun Bowler, Todd Donovan, and  Ola Listhaug},
  year={2005},
  publisher={Oxford University Press on Demand}
}

@book{hibbing2002stealth,
  title={Stealth democracy: Americans' beliefs about how government should work},
  author={Hibbing, John R and Theiss-Morse, Elizabeth},
  year={2002},
  publisher={Cambridge University Press}
}

@book{estlund2009democratic,
  title={Democratic authority: A philosophical framework},
  author={Estlund, David M},
  year={2009},
  publisher={Princeton University Press}
}

@article{esaiasson2016reconsidering,
  title={Reconsidering the Role of Procedures for Decision Acceptance},
  author={Esaiasson, Peter and Persson, Mikael and Gilljam, Mikael and Lindholm, Torun},
  journal={British Journal of Political Science},
  pages={1--24},
  year={2016},
  publisher={Cambridge University Press}
}

@article{esaiasson2016advances,
  title={Advances in the Study of Democratic Responsiveness: An Introduction},
  author={Esaiasson, Peter and Wlezien, Christopher},
  journal={Comparative political studies},
  pages={0010414016633226},
  year={2016},
  publisher={SAGE Publications Sage CA: Los Angeles, CA}
}

@book{thibaut1975procedural,
  title={Procedural justice: A psychological perspective},
  author={Thibaut, John W and Walker, Laurens},
  year={1975},
  publisher={Hillsdale, NJ: Erlbaum}
}

@article{arnesen2017legitimacy,
author = {Sveinung Arnesen},
title = {Legitimacy from Decision-Making Influence and Outcome Favourability: Results from General Population Survey Experiments},
journal = {Political Studies},
volume = {65},
number = {1\_suppl},
pages = {146-161},
year = {2017},

    
},
eprint = { 
        http://dx.doi.org/10.1177/0032321716667956
    
}
,
    abstract = { Democracies are typically considered more legitimate than other types of regimes because they allow the citizens to participate in the policy decision-making process. Others argue that the policy output matters most, and citizen influence plays a lesser role. This study presents two survey experiments on the micro foundations of these two sources of political legitimacy, thus contributing to an emerging literature that experimentally investigates the effects of democratic procedures in small-scale settings. Respondents who saw the decision going in their favour found the decision much more acceptable than the respondents who preferred another outcome. Conversely, decision-making influence generally did not serve as a legitimising factor among the respondents. This result supports the argument that citizens prefer a stealth democracy where they are minimally involved in democratic decision-making processes. }
}



@article{magalhaes2016economic,
  title={Economic Evaluations, Procedural Fairness, and Satisfaction with Democracy},
  author={Magalh{\~a}es, Pedro C},
  journal={Political Research Quarterly},
  pages={1065912916652238},
  year={2016},
  publisher={SAGE Publications}
}

@article{persson2013effects,
  title={The effects of direct voting and deliberation on legitimacy beliefs: an experimental study of small group decision-making},
  author={Persson, Mikael and Esaiasson, Peter and Gilljam, Mikael},
  journal={European Political Science Review},
  volume={5},
  number={03},
  pages={381--399},
  year={2013},
  publisher={Cambridge University Press}
}

@article{skitka2003outcome,
  title={Are outcome fairness and outcome favorability distinguishable psychological constructs? A meta-analytic review},
  author={Skitka, Linda J and Winquist, Jennifer and Hutchinson, Susan},
  journal={Social Justice Research},
  volume={16},
  number={4},
  pages={309--341},
  year={2003},
  publisher={Springer}
}

@article{brockner2002making,
  title={Making sense of procedural fairness: How high procedural fairness can reduce or heighten the influence of outcome favorability},
  author={Brockner, Joel},
  journal={Academy of management review},
  volume={27},
  number={1},
  pages={58--76},
  year={2002},
  publisher={Academy of Management}
}

@article{siegel2005moderating,
  title={The moderating influence of procedural fairness on the relationship between work-life conflict and organizational commitment.},
  author={Siegel, Phyllis A and Post, Corinne and Brockner, Joel and Fishman, Ariel Y and Garden, Charlee},
  journal={Journal of Applied Psychology},
  volume={90},
  number={1},
  pages={13},
  year={2005},
  publisher={American Psychological Association}
}

@article{brockner1996integrative,
  title={An integrative framework for explaining reactions to decisions: interactive effects of outcomes and procedures.},
  author={Brockner, Joel and Wiesenfeld, Batia M},
  journal={Psychological bulletin},
  volume={120},
  number={2},
  pages={189},
  year={1996},
  publisher={American Psychological Association}
}

@article{daly1996outcome,
  title={Is outcome fairness used to make procedural fairness judgments when procedural information is inaccessible?},
  author={Daly, Joseph P and Tripp, Thomas M},
  journal={Social Justice Research},
  volume={9},
  number={4},
  pages={327--349},
  year={1996},
  publisher={Springer}
}

@article{dahlberg2016losing,
  title={Losing Happily? The Mitigating Effect of Democracy and Quality of Government on the Winner--Loser Gap in Political Support},
  author={Dahlberg, Stefan and Linde, Jonas},
  journal={International Journal of Public Administration},
  volume={39},
  number={9},
  pages={652--664},
  year={2016},
  publisher={Routledge}
}

@book{pasquale2015black,
  title={The black box society: The secret algorithms that control money and information},
  author={Pasquale, Frank},
  year={2015},
  publisher={Harvard University Press}
}
@article{barocas2014data,
  title={Data \& Civil Rights: Technology Primer},
  author={Barocas, Solon and Rosenblat, Alex and Gangadharan, Seeta Pe{\~n}a and Yu, Corrine and others},
  year={2014}
}
@article{barocas2016big,
  title={Big data's disparate impact},
  author={Barocas, Solon and Selbst, Andrew D},
  year={2016}
}
@article{house2014big,
  title={Big Data: seizing opportunities, preserving values (Report for the President)},
  author={House, White},
  journal={Washington DC, USA: Executive Office of the President.[WWW document] http://www. whitehouse. gov/sites/default/files/docs/big\_data\_privacy\_report\_may\_1\_2014. pdf},
  year={2014}
}
@inproceedings{wang2013learning,
  title={Learning to detect patterns of crime},
  author={Wang, Tong and Rudin, Cynthia and Wagner, Daniel and Sevieri, Rich},
  booktitle={Joint European Conference on Machine Learning and Knowledge Discovery in Databases},
  pages={515--530},
  year={2013},
  organization={Springer}
}
@article{kroll2016accountable,
  title={Accountable algorithms},
  author={Kroll, Joshua A and Barocas, Solon and Felten, Edward W and Reidenberg, Joel R and Robinson, David G and Yu, Harlan},
  journal={U. Pa. L. Rev.},
  volume={165},
  pages={633},
  year={2016},
  publisher={HeinOnline}
}
@book{o2017weapons,
  title={Weapons of math destruction: How big data increases inequality and threatens democracy},
  author={O'Neil, Cathy},
  year={2017},
  publisher={Broadway Books}
}

@article{duwe2017effects,
  title={Effects of automating recidivism risk assessment on reliability, predictive validity, and return on investment (ROI)},
  author={Duwe, Grant and Rocque, Michael},
  journal={Criminology \& Public Policy},
  volume={16},
  number={1},
  pages={235--269},
  year={2017},
  publisher={Wiley Online Library}
}

@article{zarsky2016trouble,
  title={The trouble with algorithmic decisions: An analytic road map to examine efficiency and fairness in automated and opaque decision making},
  author={Zarsky, Tal},
  journal={Science, Technology, \& Human Values},
  volume={41},
  number={1},
  pages={118--132},
  year={2016},
  publisher={SAGE Publications Sage CA: Los Angeles, CA}
}

@book{lind1988social,
  title={The social psychology of procedural justice},
  author={Lind, E Allan and Tyler, Tom R},
  year={1988},
  publisher={Springer Science \& Business Media}
}

@book{ferrin2016europeans,
  title={How Europeans View and Evaluate Democracy},
  editor={Ferrin, M. and Kriesi, H.},
  isbn={9780191079535},
  series={Comparative Politics},
  year={2016},
  publisher={OUP Oxford},
}

@article{scarrow2001direct,
author = {Susan E. Scarrow},
title = {Direct Democracy and Institutional Change},
journal = {Comparative Political Studies},
volume = {34},
number = {6},
pages = {651-665},
year = {2001},

}
@article{dohertywolak2012,
    title={When Do the Ends Justify the Means? Evaluating Procedural Fairness},
    author={Doherty, David and Wolak, Jennifer},
    journal={Political Behavior},
    volume={34},
    number={1},
    pages={301-323},
    year={2012},

}
